[1]
@book{1,
  title={Revised MARPOL Annex VI: Regulations for the Prevention of Air Pollution from Ships and NOx Technical Code 2008},
  author={International Maritime Organization},
  year={2009},
  publisher={IMO Publishing}
}
[2]
@inproceedings{2,
  title={Energy storage management as key issue in control of power systems in future all electric ships},
  author={Monti, A and D'Arco, S and Gao, L and Dougal, RA},
  booktitle={Power Electronics, Electrical Drives, Automation and Motion, 2008. SPEEDAM 2008. International Symposium on},
  pages={580--585},
  year={2008},
  organization={IEEE}
}
[3]
@inproceedings{3,
  title={Power electronics for all-electric ships with MVDC power distribution system: An overview},
  author={Castellan, Simone and Menis, Roberto and Tessarolo, Alberto and Sulligoi, Giorgio},
  booktitle={Ecological Vehicles and Renewable Energies (EVER), 2014 Ninth International Conference on},
  pages={1--7},
  year={2014},
  organization={IEEE}
}

[4]
@inproceedings{4,
  title={Energy storage management as key issue in control of power systems in future all electric ships},
  author={Monti, A and D'Arco, S and Gao, L and Dougal, RA},
  booktitle={Power Electronics, Electrical Drives, Automation and Motion, 2008. SPEEDAM 2008. International Symposium on},
  pages={580--585},
  year={2008},
  organization={IEEE}
}

[5]
@inproceedings{5,
  title={Sodium-sulphur batteries for naval applications},
  author={Posthumus, KJCM and Schillemans, RAA and Kluiters, EC},
  booktitle={Battery Conference on Applications and Advances, 1996., Eleventh Annual},
  pages={301--306},
  year={1996},
  organization={IEEE}
}

[6]
@inproceedings{6,
  title={Super-capacitors based hybrid converter in marine electric propulsion system},
  author={Chen, Wenjie and Tang, Tianhao and others},
  booktitle={The XIX International Conference on Electrical Machines-ICEM 2010},
  pages={1--6},
  year={2010}
}

[7]
@inproceedings{7,
  title={On the feasibility of hybrid battery/ultracapacitor energy storage systems for next generation shipboard power systems},
  author={Tang, Yichao and Khaligh, Alireza},
  booktitle={Vehicle Power and Propulsion Conference (VPPC), 2010 IEEE},
  pages={1--6},
  year={2010},
  organization={IEEE}
[8]
@inproceedings{8,
  title={Impact of pulse loads on electric ship power system: With and without flywheel energy storage systems},
  author={Kulkarni, Saurabh and Santoso, Surya},
  booktitle={Electric Ship Technologies Symposium, 2009. ESTS 2009. IEEE},
  pages={568--573},
  year={2009},
  organization={IEEE}
}
[9]
@article{zhou2011composite,
  title={Composite energy storage system involving battery and ultracapacitor with dynamic energy management in microgrid applications},
  author={Zhou, Haihua and Bhattacharya, Tanmoy and Tran, Duong and Siew, Tuck Sing Terence and Khambadkone, Ashwin M},
  journal={Power Electronics, IEEE Transactions on},
  volume={26},
  number={3},
  pages={923--930},
  year={2011},
  publisher={IEEE}
}

[10]
@article{5623440,
title = {{IEEE} Recommended Practice for 1 kV to 35 kV Medium-Voltage DC Power Systems on Ships},
   journal = {IEEE Std 1709-2010},
   pages = {1-54},
   year={2010},
   month={Nov},
}
[11]
@ARTICLE{5623440, 
journal={IEEE Std 1709-2010}, 
title={IEEE Recommended Practice for 1 kV to 35 kV Medium-Voltage DC Power Systems on Ships}, 
year={2010}, 
month={Nov}, 
pages={1-54}, 
keywords={power electronics;IEEE standard;MVDC electrical power system;interconnection interfaces;medium voltage DC power system;safety procedure;voltage 1 kV to 35 kV;IEEE standards;Integrated systems;Marine transportation;Power electronics;Voltage control;MVDC power electronics;integrated power systems;marine electrical-power systems;medium-voltage DC;power-electronic building blocks}, 
doi={10.1109/IEEESTD.2010.5623440},}

[12]
@inproceedings{zhang2008stability,
  title={Stability analysis on the DC power distribution system of More Electric Aircraft},
  author={Zhang, He and Saudemont, Christophe and Robyns, Beno{\^\i}t and Huttin, Nicolas and Meuret, R{\'e}gis},
  booktitle={Power Electronics and Motion Control Conference, 2008. EPE-PEMC 2008. 13th},
  pages={1523--1528},
  year={2008},
  organization={IEEE}
}
[13]
@book{vas1999artificial,
  title={Artificial-intelligence-based electrical machines and drives: application of fuzzy, neural, fuzzy-neural, and genetic-algorithm-based techniques},
  author={Vas, Peter},
  volume={45},
  year={1999},
  publisher={Oxford University Press New York}
}
[14]
@article{zhao2014overview,
  title={Overview of Dual-Active-Bridge Isolated Bidirectional DC--DC Converter for High-Frequency-Link Power-Conversion System},
  author={Zhao, Biao and Song, Qiang and Liu, Wenhua and Sun, Yandong},
  journal={Power Electronics, IEEE Transactions on},
  volume={29},
  number={8},
  pages={4091--4106},
  year={2014},
  publisher={IEEE}
}
[15]
@inproceedings{morren2006primary,
  title={Primary power/frequency control with wind turbines and fuel cells},
  author={Morren, Johan and De Haan, Sjoerd WH and Ferreira, JA},
  booktitle={Power Engineering Society General Meeting, 2006. IEEE},
  pages={8--pp},
  year={2006},
  organization={IEEE}
}
[16]
@inproceedings{degobert2006micro,
  title={Micro-grid powered by photovoltaic and micro turbine},
  author={Degobert, Ph and Kreuawanand, S and Guillaud, X},
  booktitle={International Conference on Renewable Energies, France},
  year={2006}
}
[17]
@article{caldon2004optimal,
  title={Optimal control of a distribution system with a virtual power plant},
  author={Caldon, Roberto and Patria, Andrea Rossi and Turri, Roberto},
  journal={Bulk Power System Dynamics and Control, Cortina. dâ€™Ampezzo, Italy},
  year={2004}
}
[18]
@article{boukettaya2007fuzzy,
  title={Fuzzy logic supervisor for power control of an isolated hybrid energy production unit},
  author={Boukettaya, Ghada and Krichen, Lotfi and Ouali, Abderrazak},
  journal={International Journal of Electrical and Power Engineering},
  volume={1},
  number={3},
  pages={279--285},
  year={2007}
}