[1]
@book{1,
  title={Revised MARPOL Annex VI: Regulations for the Prevention of Air Pollution from Ships and NOx Technical Code 2008},
  author={International Maritime Organization},
  year={2009},
  publisher={IMO Publishing}
}
[2]
@inproceedings{2,
  title={Energy storage management as key issue in control of power systems in future all electric ships},
  author={Monti, A and D'Arco, S and Gao, L and Dougal, RA},
  booktitle={Power Electronics, Electrical Drives, Automation and Motion, 2008. SPEEDAM 2008. International Symposium on},
  pages={580--585},
  year={2008},
  organization={IEEE}
}
[3]
@inproceedings{3,
  title={Power electronics for all-electric ships with MVDC power distribution system: An overview},
  author={Castellan, Simone and Menis, Roberto and Tessarolo, Alberto and Sulligoi, Giorgio},
  booktitle={Ecological Vehicles and Renewable Energies (EVER), 2014 Ninth International Conference on},
  pages={1--7},
  year={2014},
  organization={IEEE}
}

[4]
@inproceedings{4,
  title={Energy storage management as key issue in control of power systems in future all electric ships},
  author={Monti, A and D'Arco, S and Gao, L and Dougal, RA},
  booktitle={Power Electronics, Electrical Drives, Automation and Motion, 2008. SPEEDAM 2008. International Symposium on},
  pages={580--585},
  year={2008},
  organization={IEEE}
}

[5]
@inproceedings{5,
  title={Sodium-sulphur batteries for naval applications},
  author={Posthumus, KJCM and Schillemans, RAA and Kluiters, EC},
  booktitle={Battery Conference on Applications and Advances, 1996., Eleventh Annual},
  pages={301--306},
  year={1996},
  organization={IEEE}
}

[6]
@inproceedings{6,
  title={Super-capacitors based hybrid converter in marine electric propulsion system},
  author={Chen, Wenjie and Tang, Tianhao and others},
  booktitle={The XIX International Conference on Electrical Machines-ICEM 2010},
  pages={1--6},
  year={2010}
}

[7]
@inproceedings{7,
  title={On the feasibility of hybrid battery/ultracapacitor energy storage systems for next generation shipboard power systems},
  author={Tang, Yichao and Khaligh, Alireza},
  booktitle={Vehicle Power and Propulsion Conference (VPPC), 2010 IEEE},
  pages={1--6},
  year={2010},
  organization={IEEE}
  }
[8]
@inproceedings{8,
  title={Impact of pulse loads on electric ship power system: With and without flywheel energy storage systems},
  author={Kulkarni, Saurabh and Santoso, Surya},
  booktitle={Electric Ship Technologies Symposium, 2009. ESTS 2009. IEEE},
  pages={568--573},
  year={2009},
  organization={IEEE}
}
[9]
@article{zhou2011composite,
  title={Composite energy storage system involving battery and ultracapacitor with dynamic energy management in microgrid applications},
  author={Zhou, Haihua and Bhattacharya, Tanmoy and Tran, Duong and Siew, Tuck Sing Terence and Khambadkone, Ashwin M},
  journal={Power Electronics, IEEE Transactions on},
  volume={26},
  number={3},
  pages={923--930},
  year={2011},
  publisher={IEEE}
}

[10]
@article{5623440,
title = {{IEEE} Recommended Practice for 1 kV to 35 kV Medium-Voltage DC Power Systems on Ships},
   journal = {IEEE Std 1709-2010},
   pages = {1-54},
   year={2010},
   month={Nov},
}
[11]
@ARTICLE{5623440, 
journal={IEEE Std 1709-2010}, 
title={IEEE Recommended Practice for 1 kV to 35 kV Medium-Voltage DC Power Systems on Ships}, 
year={2010}, 
month={Nov}, 
pages={1-54}, 
keywords={power electronics;IEEE standard;MVDC electrical power system;interconnection interfaces;medium voltage DC power system;safety procedure;voltage 1 kV to 35 kV;IEEE standards;Integrated systems;Marine transportation;Power electronics;Voltage control;MVDC power electronics;integrated power systems;marine electrical-power systems;medium-voltage DC;power-electronic building blocks}, 
doi={10.1109/IEEESTD.2010.5623440},}

[12]
@inproceedings{zhang2008stability,
  title={Stability analysis on the DC power distribution system of More Electric Aircraft},
  author={Zhang, He and Saudemont, Christophe and Robyns, Beno{\^\i}t and Huttin, Nicolas and Meuret, R{\'e}gis},
  booktitle={Power Electronics and Motion Control Conference, 2008. EPE-PEMC 2008. 13th},
  pages={1523--1528},
  year={2008},
  organization={IEEE}
}
[13]
@book{vas1999artificial,
  title={Artificial-intelligence-based electrical machines and drives: application of fuzzy, neural, fuzzy-neural, and genetic-algorithm-based techniques},
  author={Vas, Peter},
  volume={45},
  year={1999},
  publisher={Oxford University Press New York}
}
[14]
@article{zhao2014overview,
  title={Overview of Dual-Active-Bridge Isolated Bidirectional DC--DC Converter for High-Frequency-Link Power-Conversion System},
  author={Zhao, Biao and Song, Qiang and Liu, Wenhua and Sun, Yandong},
  journal={Power Electronics, IEEE Transactions on},
  volume={29},
  number={8},
  pages={4091--4106},
  year={2014},
  publisher={IEEE}
}
[15]
@inproceedings{morren2006primary,
  title={Primary power/frequency control with wind turbines and fuel cells},
  author={Morren, Johan and De Haan, Sjoerd WH and Ferreira, JA},
  booktitle={Power Engineering Society General Meeting, 2006. IEEE},
  pages={8--pp},
  year={2006},
  organization={IEEE}
}
[16]
@inproceedings{degobert2006micro,
  title={Micro-grid powered by photovoltaic and micro turbine},
  author={Degobert, Ph and Kreuawanand, S and Guillaud, X},
  booktitle={International Conference on Renewable Energies, France},
  year={2006}
}
[17]
@article{caldon2004optimal,
  title={Optimal control of a distribution system with a virtual power plant},
  author={Caldon, Roberto and Patria, Andrea Rossi and Turri, Roberto},
  journal={Bulk Power System Dynamics and Control, Cortina. dâ€™Ampezzo, Italy},
  year={2004}
}
[18]
@article{boukettaya2007fuzzy,
  title={Fuzzy logic supervisor for power control of an isolated hybrid energy production unit},
  author={Boukettaya, Ghada and Krichen, Lotfi and Ouali, Abderrazak},
  journal={International Journal of Electrical and Power Engineering},
  volume={1},
  number={3},
  pages={279--285},
  year={2007}
}
#######################################UP IS MYBYB 1############# 
@MastersThesis{shen2012distributed,
    author     =     {Shen, Qunying},
    title     =     {{A distributed control approach for power and energy management in a notional shipboard power system}},
    school     =     {Florida State University},
    address     =     {Florida},
    year     =     {2012},
    }

2
@inproceedings{doerry2009next,
  title={Next generation integrated power systems (NGIPS) for the future fleet},
  author={Doerry, Norbert},
  booktitle={IEEE Electric Ship Technologies Symposium},
  year={2009}
}
3
@phdthesis{pifer2010modeling,
  title={Modeling of the electric ship},
  author={Pifer, Ryan James},
  year={2010},
  school={Monterey, California. Naval Postgraduate School}
}
4
@inproceedings{monti2008energy,
  title={Energy storage management as key issue in control of power systems in future all electric ships},
  author={Monti, A and D'Arco, S and Gao, L and Dougal, RA},
  booktitle={2008 International Symposium on Power Electronics, Electrical Drives, Automation and Motion},
  year={2008}
}
5
@inproceedings{doerry2009next,
  title={Next generation integrated power systems (NGIPS) for the future fleet},
  author={Doerry, Norbert},
  booktitle={IEEE Electric Ship Technologies Symposium},
  year={2009}
}
6
@phdthesis{pifer2010modeling,
  title={Modeling of the electric ship},
  author={Pifer, Ryan James},
  year={2010},
  school={Citeseer}
}
7
@inproceedings{holsonback2006system,
  title={System-Level Modeling and Optimal Design of an All-Electric Ship Energy Storage Module},
  author={Holsonback, Christopher and Webb, T and Kiehne, T and Seepersad, CC},
  booktitle={Electric Machines Technology Symposium},
  year={2006}
}
8
@article{mystandard, 
  title={IEEE recommended practice for 1 kv to 35 kv medium-voltage dc power systems on ships},
journal="IEEE Std 1709", 
pages={1--54},
year=2010,
}
9
@phdthesis{li2014real,
  title={Real-time simulation of shipboard power system and energy storage device management},
  author={Li, Dingyi},
  year={2014},
  school={Kansas State University}
}
10
@article{cohen2016fuzzy,
author = {{Cohen}, I.~J. and {Wetz}, D.~A. and {Veiga}, S. and {Dong}, Q. and 
	{Heinzel}, J.},
    title = "{Fuzzy Logic Control of a Hybrid Energy Storage Module for Naval Pulsed Power Applications}",
  journal = {ArXiv e-prints},
archivePrefix = "arXiv",
   eprint = {1602.02045},
 primaryClass = "math.OC",
 keywords = {Mathematics - Optimization and Control, Computer Science - Systems and Control},
     year = 2016,
    month = feb,
   adsurl = {http://adsabs.harvard.edu/abs/2016arXiv160202045C},
  adsnote = {Provided by the SAO/NASA Astrophysics Data System}
}
11
@article{zhou2011composite,
  title={Composite energy storage system involving battery and ultracapacitor with dynamic energy management in microgrid applications},
  author={Zhou, Haihua and Bhattacharya, Tanmoy and Tran, Duong and Siew, Tuck Sing Terence and Khambadkone, Ashwin M},
  journal={IEEE transactions on power electronics},
  volume={26},
  number={3},
  pages={923--930},
  year={2011},
  publisher={IEEE}
}
12
@article{zhang2010experimental,
  title={Experimental validation of energy storage system management strategies for a local dc distribution system of more electric aircraft},
  author={Zhang, He and Mollet, Fabien and Saudemont, Christophe and Robyns, Beno{\^\i}t},
  journal={IEEE Transactions on Industrial Electronics},
  volume={57},
  number={12},
  pages={3905--3916},
  year={2010},
  publisher={IEEE}
}
13
@inproceedings{hou2015interaction,
  title={Interaction analysis and integrated control of hybrid energy storage and generator control system for electric ship propulsion},
  author={Hou, Jun and Sun, Jing and Hofmann, Heath},
  booktitle={American Control Conference (ACC), 2015},
  pages={4988--4993},
  year={2015},
  organization={IEEE}
}




15
@article{bo2016battery,
  title={Battery Power Smoothing Control in a Marine Electric Power Plant Using Nonlinear Model Predictive Control},
  author={B{\o}, Torstein Ingebrigtsen and Johansen, Tor Arne},
  journal={IEEE Transactions on Control Systems Technology},
  year={2016},
  publisher={IEEE}
}






14
@inproceedings{hou2016integrated,
  author        = "Hou, Jun and Sun, Jing and Hofmann, Heath",
  title         = "Integrated control of power generation, electric motor and hybrid energy storage for all-electric ships",
  booktitle     = "2016 American Control Conference (ACC)",
  address       = "Nagoya, Japan",
  month         = "July",
  year          = "2016",
  pages         = "6797-6802"
}


15
@article{bo2016battery,
  title={Battery Power Smoothing Control in a Marine Electric Power Plant Using Nonlinear Model Predictive Control},
  author={B{\o}, Torstein Ingebrigtsen and Johansen, Tor Arne},
  journal={IEEE Transactions on Control Systems Technology},
  volume={25},
  number={4},
  pages={1449--1456},
  year={2017},
  publisher={IEEE}
}
16
@article{haseltalab2016multi,
  title={Multi-Level Predictive Control for Energy Management of Hybrid Ships in the Presence of Uncertainty and Environmental Disturbances},
  author={Haseltalab, Ali and Negenborn, Rudy R and Lodewijks, Gabriel},
  journal={IFAC-PapersOnLine},
  volume={49},
  number={3},
  pages={90--95},
  year={2016},
  publisher={Elsevier}
}
17
@article{andrus2015notional,
  title={Notional System Models},
  author={Andrus, Mike and Bosworth, Matthew and Crider, Jonathan and Ouroua, Hamid and Santi, Enrico and Sudhoff, Scott},
 year={2015, Electric Ship Research and Development Consortium},
  publisher={Electric Ship Research and Development Consortium}
}
18
@inproceedings{sun2015experimental,
  title={Experimental verification of limiting fault currents in MVDC systems by using modular multilevel converters},
  author={Sun, K and Soto, D and Steurer, M and Faruque, MO},
  booktitle={Electric Ship Technologies Symposium (ESTS), 2015 IEEE},
  pages={27--33},
  year={2015},
  organization={IEEE}
}
19
@misc{WinNT2,
  title = {{Mathworks} Battery},
  howpublished = {\url{http://www.mathworks.com/help/physmod/sps/powersys/ref/battery.html?requestedDomain=www.mathworks.com}},
  note = {Accessed:  2017-05-17}
}
20
@misc{WinNT4,
  title = {{Mathworks} Supercapacitor},
  howpublished = {\url{http://www.mathworks.com/help/physmod/sps/powersys/ref/supercapacitor.html}},
  note = {Accessed:  2017-05-17}
}
21
@inproceedings{chung2009integration,
  title={Integration of a bi-directional dc-dc converter model into a large-scale system simulation of a shipboard MVDC power system},
  author={Chung, Il-Yop and Liu, Wenxin and Andrus, Mike and Schoder, Karl and Leng, Siyu and Cartes, David A and Steurer, Mischa},
  booktitle={2009 IEEE Electric Ship Technologies Symposium},
  pages={318--325},
  year={2009},
  organization={IEEE}
}
22
@inproceedings{yfuzzy2016,
  title={Fuzzy logic based energy storage supervision and control strategy for MVDC power system of all electric ship},
  author={Guo, Yi and Khan, MMS and Faruque, MO and Sun, Ke},
  booktitle={Power and Energy Society General Meeting (PESGM), 2016},
  pages={1--5},
  year={2016},
  organization={IEEE}
}
23
@inproceedings{mskhanhybrid2016,
  title={Management of hybrid energy storage systems for MVDC power system of all electric ship},
  author={Khan, Mohammed Masum Siraj and Faruque, MO},
  booktitle={North American Power Symposium (NAPS), 2016},
  pages={1--6},
  year={2016},
  organization={IEEE}
}
24
@article{khan2017fuzzy,
author={M. M. S. Khan and M. O. Faruque and A. Newaz}, 
journal={IEEE Transactions on Energy Conversion}, 
title={Fuzzy Logic Based Energy Storage Management System for MVDC Power System of All Electric Ship}, 
year={2017}, 
volume={32}, 
number={2}, 
pages={798-809}, 
doi={10.1109/TEC.2017.2657327}, 
ISSN={0885-8969}, 
month={June},}
25
@inproceedings{mskhanests2017,
  title={Energy storage management for MVDC power system of all electric ship under different load conditions},
  author={Khan, Mohammed Masum Siraj and Faruque, MO},
  booktitle={IEEE Electric Ship Technologies Symposium (ESTS), 2017},
 year={2017},
  organization={IEEE}
}
26
@article{mikkili2015review,
  title={Review of real-time simulator and the steps involved for implementation of a model from MATLAB/Simulink to real-time},
  author={Mikkili, Suresh and Panda, Anup Kumar and Prattipati, Jayanthi},
  journal={Journal of The Institution of Engineers (India): Series B},
  volume={96},
  number={2},
  pages={179--196},
  year={2015},
  publisher={Springer}
}


@misc{FPGA_EXP,
title = {FPGA EXPANSION BOX IO EXPANSION BOX},
url={http://www.opal-rt.com/hardware-io-expansion-box/},
journal={OPAL-RT},
year={2017}
}

27
@misc{OP5607,
  title = {{OP6507} Simulator},
  howpublished = {\url{http://www.opal-rt.com/hardware-io-expansion-box-op5707/}},
  note = {Accessed: 2017-03-13}
}
28
@misc{OP7020,
  title = {{OP7020} Simulator},
  howpublished = {\url{http://www.opal-rt.com/hardware-io-expansion-box/-op7020/}},
  note = {Accessed: 2017-03-13}
}
29
@misc{WinNT6,
  title = {{Mathworks} Fuzzy Logic Toolbox},
  howpublished = {\url{http://https://www.mathworks.com/products/fuzzy-logic.html?requestedDomain=www.mathworks.com}},
  note = {Accessed: 2017-05-17}
}
30
@article{anand2012design,
  title={Design and implementation of fuzzy controller on fpga},
  author={Anand, Mani Shankar and Tyagi, Barjeev},
  journal={International Journal of Intelligent Systems and Applications},
  volume={4},
  number={10},
  pages={35--42},
  year={2012},
  publisher={Modern Education and Computer Science Press}
}
31
@book{ross2009fuzzy,
  title={Fuzzy logic with engineering applications},
  author={Ross, Timothy J},
  year={2009},
  publisher={John Wiley \& Sons}
}
32
@article{sites2008ieee,
  title={IEEE standard for floating-point arithmetic},
  author={Zuras, Dan and Cowlishaw, Mike and Aiken, Alex and Applegate, Matthew and Bailey, David and Bass, Steve and Bhandarkar, Dileep and Bhat, Mahesh and Bindel, David and Boldo, Sylvie and others},
  journal={IEEE Std 754-2008},
  pages={1--70},
  year={2008},
  publisher={IEEE}
}
33
@article{guillaud2015applications,
  title={Applications of real-time simulation technologies in power and energy systems},
  author={Guillaud, Xavier and Faruque, M Omar and Teninge, Alexandre and Hariri, Ali Hasan and Vanfretti, Luigi and Paolone, Mario and Dinavahi, Venkata and Mitra, Pinaki and Lauss, Georg and Dufour, Christian and others},
  journal={IEEE Power and Energy Technology Systems Journal},
  volume={2},
  number={3},
  pages={103--115},
  year={2015},
  publisher={IEEE}
}
34
@article{faruque2010hardware,
  title={Hardware-in-the-loop simulation of power electronic systems using adaptive discretization},
  author={Faruque, MO Omar and Dinavahi, Venkata},
  journal={IEEE transactions on industrial electronics},
  volume={57},
  number={4},
  pages={1146--1158},
  year={2010},
  publisher={IEEE}
}
35
@inproceedings{yoo2012hardware,
  title={Hardware-in-the-loop simulation of DC microgrid with Multi-Agent System for emergency demand response},
  author={Yoo, Cheol-Hee and Choi, Won-Jun and Chung, Il-Yop and Won, Dong-Jun and Hong, Sung-Soo and Jang, Byung-Jun},
  booktitle={Power and Energy Society General Meeting, 2012 IEEE},
  pages={1--6},
  year={2012},
  organization={IEEE}
}



36
@misc{WinNT77,
  title = {Electric Drives - MATLAB \& Simulink},
  howpublished = {\url{http://www.mathworks.com/help/physmod/sps/electric-drives.html}},
  note = {Accessed: 2017-05-17}
  }
